@book{petersGT,
	author={Peters, Hans},
	title={{Game} {Theory}: {A} {Multi}-{Leveled} {Approach}},
	publisher={{Springer}-{Verlag} {Berlin} {Heidelberg}},
	year={2015},
	edition={Second},
	series={{Springer} {Texts} in {Business} and {Economics}}
}


@book{mszGT,
	author={Maschler, Michael and Solan, Eilon and Zamir, Shmuel},
	title={{Game} {Theory}},
	publisher={{Cambridge} {University} {Press}},
	year={2013}
}


@article{brusselsEVO,
	author={Santos, {F. C.} and Pacheco, {J. M.} and Lenaerts, Tom},
	title={Evolutionary dynamics of social dilemmas in structured heterogeneous populations},
	journal={{Proceedings} of the {National} {Academy} of {Sciences}},
	year={2005}
}


@article{caginalpCryptoNash,
	author={Caginalp, Carey and Caginalp, Gunduz},
	title={AIMS Mathematics},
	journal={{Establishing} {Cryptocurrency} {Equilibria} {Through} {Game} {Theory}},
	year={2019},
	volume={4}, number={3}
}


@techreport{zurichGB,
	author={Darai, Donja and Gr√§tz, Silvia},
	title={Golden balls: {A} prisoner's dilemma experiment},
	institution={{Socioeconomic} {Institute}, {University} of {Zurich}},
	year={2010},
	number={1006}
}

@booklet{derivativeEVO,
	author={Rees, Tim},
	title={{An} {Introduction} {To} {Evolutionary} {Game} {Theory}},
	year={2005}
}
